@book{transformations,
	title        = {Physical Audio Signal Processing},
	author       = {Julius O. Smith},
	year         = 2010,
	publisher    = {\htmladdnormallink{\texttt{http:}}{http://ccrma.stanford.edu/~jos/pasp/}\texttt{//\-ccrma.stanford.edu/\-\~{}jos/\-pasp/}}
}
@article{otherK,
	title        = {Automated Physical Modeling of Nonlinear Audio Circuits For Real-Time Audio Effects—Part I: Theoretical Development},
	author       = {Yeh, David T. and Abel, Jonathan S. and Smith, Julius O.},
	year         = 2010,
	journal      = {IEEE Transactions on Audio, Speech, and Language Processing},
	volume       = 18,
	number       = 4,
	pages        = {728--737},
	doi          = {10.1109/TASL.2009.2033978},
	keywords     = {Circuit simulation;Nonlinear circuits;Acoustic distortion;Nonlinear distortion;Real time systems;Nonlinear filters;Nonlinear acoustics;Diodes;Nonlinear equations;Kirchhoff's Law;Amplifier modeling;circuit simulation;digital audio effects;guitar distortion;K-method;nonlinear filters;physical modeling synthesis;virtual analog}
}
@misc{borin,
	title        = {Metodi per la sintesi per modelli fisici},
	author       = {Gianpaolo Borin},
	year         = 1998,
	howpublished = {}
}
@inproceedings{borin2,
	title        = {Elimination of delay-free loops in discrete-time models of nonlinear acoustic systems},
	author       = {Borin, G. and De Poli, G. and Rocchesso, D.},
	year         = 1997,
	booktitle    = {Proceedings of 1997 Workshop on Applications of Signal Processing to Audio and Acoustics},
	volume       = {},
	number       = {},
	pages        = {4 pp.-},
	doi          = {10.1109/ASPAA.1997.625617},
	keywords     = {Delay;Nonlinear acoustics;Nonlinear equations;Couplings;Boring;Nonlinear dynamical systems;Circuit simulation;Computational modeling;Acoustic waveguides;MIMO}
}
@inproceedings{opamp,
	title        = {Modeling Op Amp Nonlinearity in Switched-Capacitor Sigma-Delta Modulators},
	author       = {Abdelfattah, Khaled and Razavi, Behzad},
	year         = 2006,
	booktitle    = {IEEE Custom Integrated Circuits Conference 2006},
	volume       = {},
	number       = {},
	pages        = {197--200},
	doi          = {10.1109/CICC.2006.320908},
	keywords     = {Operational amplifiers;Delta-sigma modulation;Mathematical model;Frequency;Voltage;Switches;Switching circuits;Bandwidth;Clocks;Linearization techniques}
}
@article{dist,
	title        = {Simplified, physically-informed models of distortion and Overdrive guitar effects pedals},
	author       = {Yeh, David and Abel, Jonathan and Smith, Julius},
	year         = 2007,
	month        = {01},
	journal      = {Proceedings of the 10th International Conference on Digital Audio Effects, DAFx 2007},
	pages        = {}
}
@article{opampo,
	title        = {Non-ideal operational amplifier emulation in digital model of analog distortion effect pedal},
	author       = {Leete  Timothy and Tarr  Eric and Ko  Doyuen},
	year         = 2022,
	month        = {may},
	journal      = {Journal of the Audio Engineering Society}
}
@article{eulers,
	title        = {Numerical Methods for Simulation of Guitar Distortion Circuits},
	author       = {David T. Yeh and Jonathan S. Abel and Andrei Vladimirescu and Julius O. Smith},
	year         = 2008,
	journal      = {Computer Music Journal},
	publisher    = {The MIT Press},
	volume       = 32,
	number       = 2,
	pages        = {23--42},
	issn         = {01489267, 15315169},
	url          = {http://www.jstor.org/stable/40072629},
	urldate      = {2024-05-28}
}
@misc{rungekutta,
	title        = {Implicit Runge-Kutta Algorithm Using Newton-Raphson Method},
	author       = {Granados, Andrés},
	year         = 1998,
	month        = {03},
	pages        = {}
}
@article{rkk,
	title        = {Dynamical Systems for Audio Synthesis: Embracing Nonlinearities and Delay-Free Loops},
	author       = {Medine, David},
	year         = 2016,
	journal      = {Applied Sciences},
	volume       = 6,
	number       = 5,
	doi          = {10.3390/app6050134},
	issn         = {2076-3417},
	url          = {https://www.mdpi.com/2076-3417/6/5/134}
}
@article{rk4,
	title        = {On A General Formula of Fourth Order Runge-Kutta Method},
	author       = {Tan, Delin; Chen, Zheng},
	year         = 2012,
	journal      = {Journal of Mathematical Science \& Mathematics Education},
	volume       = 7,
	number       = 2
}
@misc{book,
	title        = {Circuit modeling studies related to guitars and audio processing},
	author       = {Paiva, Rafael},
	year         = 2013,
	month        = 11,
	pages        = {}
}
@book{bookNewton,
	title        = {Numerical Methods for Unconstrained Optimization and Nonlinear Equations},
	author       = {Dennis, J. E. and Schnabel, Robert B.},
	year         = 1996,
	publisher    = {Society for Industrial and Applied Mathematics},
	address      = {},
	doi          = {10.1137/1.9781611971200},
	url          = {https://epubs.siam.org/doi/abs/10.1137/1.9781611971200},
	edition      = {},
	eprint       = {https://epubs.siam.org/doi/pdf/10.1137/1.9781611971200}
}
@misc{wikiNewton,
	title        = {Newton's method --- Citizendium},
	author       = {Citizendium},
	year         = 2009,
	url          = {https://citizendium.org/wiki/index.php?title=Newton%27s\_method&oldid=19371}
}
@article{structeng,
	title        = {An efficient backward Euler time-integration method for nonlinear dynamic analysis of structures},
	author       = {Liu, Tianyun and Zhao, Chongbin and Li, Qingbin and Zhang, Li},
	year         = 2012,
	month        = {09},
	journal      = {Computers & Structures},
	volume       = {s 106–107},
	pages        = {20–28},
	doi          = {10.1016/j.compstruc.2012.03.019}
}
@book{chemeng,
	title        = {Numerical Methods with Chemical Engineering Applications},
	author       = {Dorfman, Kevin D. and Daoutidis, Prodromos},
	year         = 2017,
	publisher    = {Cambridge University Press},
	series       = {Cambridge Series in Chemical Engineering},
	place        = {Cambridge},
	collection   = {Cambridge Series in Chemical Engineering}
}
@book{finance,
	title        = {Numerical Methods for Finance},
	author       = {Miller, John and Edelman, David and Appleby, John},
	year         = 2007,
	publisher    = {Chapman and Hall/CRC Financial Mathematics Series},
	url          = {https://www.routledge.com/Numerical-Methods-for-Finance/Miller-Edelman-Appleby/p/book/9780367388591}
}
